@inproceedings{gong2010press,
  title={Press: Predictive elastic resource scaling for cloud systems},
  author={Gong, Zhenhuan and Gu, Xiaohui and Wilkes, John},
  booktitle={Network and Service Management (CNSM), 2010 International Conference on},
  pages={9--16},
  year={2010},
  organization={IEEE}
}

@inproceedings{mao2011auto,
  title={Auto-scaling to minimize cost and meet application deadlines in cloud workflows},
  author={Mao, Ming and Humphrey, Marty},
  booktitle={Proceedings of 2011 International Conference for High Performance Computing, Networking, Storage and Analysis},
  pages={49},
  year={2011},
  organization={ACM}
}

@inproceedings{mao2010cloud,
  title={Cloud auto-scaling with deadline and budget constraints},
  author={Mao, Ming and Li, Jie and Humphrey, Marty},
  booktitle={Grid Computing (GRID), 2010 11th IEEE/ACM International Conference on},
  pages={41--48},
  year={2010},
  organization={IEEE}
}

@inproceedings{roy2011efficient,
  title={Efficient autoscaling in the cloud using predictive models for workload forecasting},
  author={Roy, Nilabja and Dubey, Abhishek and Gokhale, Aniruddha},
  booktitle={Cloud Computing (CLOUD), 2011 IEEE International Conference on},
  pages={500--507},
  year={2011},
  organization={IEEE}
}

@inproceedings{bunch2012pluggable,
  title={A pluggable autoscaling service for open cloud {P}aa{S} systems},
  author={Bunch, Chris and Arora, Vaibhav and Chohan, Navraj and Krintz, Chandra and Hegde, Shashank and Srivastava, Ankit},
  booktitle={Proceedings of the 2012 IEEE/ACM Fifth International Conference on Utility and Cloud Computing},
  pages={191--194},
  year={2012},
  organization={IEEE Computer Society}
}

@misc{scryer,
  title={Scryer: {N}etflix's Predictive Auto Scaling Engine - Part 2},
  author={Danny Yuan and Neeraj Joshi and Daniel Jacobson and Puneet Oberai},
  note={\url{http://techblog.netflix.com/2013/12/scryer-netflixs-predictive-auto-scaling.html}},
  year={2013},
  month={December},
  day={4}
}

@misc{ec2autoscale,
  title={Amazon {EC2} Auto Scaling},
  note={\url{http://aws.amazon.com/autoscaling/}}
}

@misc{ec2,
  title={Amazon {EC2}},
  note={\url{http://aws.amazon.com/ec2/}}
}

@mist{rackspace,
  title={Easily Scale Your Cloud With {R}ackspace Auto Scale},
  note={\url{https://www.rackspace.com/blog/easily-scale-your-cloud-with-rackspace-auto-scale/}}
}

@mist{fft,
  title={Fast {F}ourier Transform},
  note={\url{http://mathworld.wolfram.com/FastFourierTransform.html}}
}

@misc{couch,
  title={Apache {C}ouch{DB}},
  note={\url{http://couchdb.apache.org/}}
}

@article{vogels2008beyond,
  title={Beyond server consolidation},
  author={Vogels, Werner},
  journal={Queue},
  volume={6},
  number={1},
  pages={20--26},
  year={2008},
  publisher={ACM}
}

@misc{worldcup,
  title={World{C}up98},
  note={\url{http://ita.ee.lbl.gov/html/contrib/WorldCup.html}}
}

@misc{clarknet,
  title={Clark{N}et-{HTTP}},
  note={\url{http://ita.ee.lbl.gov/html/contrib/ClarkNet-HTTP.html}}
}

@misc{wikibench,
  title={Wiki{B}ench},
  note={\url{http://www.wikibench.eu/}}
}

@article{wikitraces,
  author={Urdaneta, Guido and Pierre, Guillaume and van Steen, Maarten},
  title={Wikipedia Workload Analysis for Decentralized Hosting},
  volume={53},
  number={11},
  pages={1830-1845},
  month={July},
  year={2009},
  journal={Elsevier Computer Networks},
  note={\url{http://www.globule.org/publi/WWADH_comnet2009.html}}
}

@inproceedings{kesavan2012xerxes,
  title={Xerxes: Distributed load generator for cloud-scale experimentation},
  author={Kesavan, Mukil and Gavrilovska, Ada and Schwan, Karsten},
  booktitle={Open Cirrus Summit (OCS), 2012 Seventh},
  pages={20--24},
  year={2012},
  organization={IEEE}
}

@article{beitch2010rain,
  title={Rain: A workload generation toolkit for cloud computing applications},
  author={Beitch, Aaron and Liu, Brandon and Yung, Timothy and Griffith, Rean and Fox, Armando and Patterson, D},
  journal={Electrical Engineering and Computer Sciences University of California at Berkeley, White paper UCB/EECS-2010-14},
  year={2010}
}

@book{allspaw2008art,
  title={The art of capacity planning: scaling web resources},
  author={Allspaw, John},
  year={2008},
  publisher={O'Reilly Media, Inc.}
}

@misc{vmware,
  title={{VM}ware Products},
  note={\url{https://www.vmware.com/products/}}
}

@misc{virtualization,
  title={Virtualization Basics},
  note={\url{http://www.vmware.com/virtualization/virtualization-basics/what-is-virtualization}}
}

@article{dean2008mapreduce,
  title={Map{R}educe: simplified data processing on large clusters},
  author={Dean, Jeffrey and Ghemawat, Sanjay},
  journal={Communications of the ACM},
  volume={51},
  number={1},
  pages={107--113},
  year={2008},
  publisher={ACM}
}

@book{schlossnagle2006scalable,
  title={Scalable internet architectures},
  author={Schlossnagle, Theo},
  year={2006},
  publisher={Pearson Education}
}

@book{allspaw2010web,
  title={Web Operations: Keeping the Data on Time},
  author={Allspaw, John and Robbins, Jesse},
  year={2010},
  publisher={O'Reilly Media}
}

@misc{hadoop,
  title={Welcome to {A}pache {H}adoop!},
  note={\url{http://hadoop.apache.org/}}
}

@misc{mrjob,
  title={mrjob},
  note={\url{https://pythonhosted.org/mrjob/}}
}

@misc{emr,
  title={Amazon {EMR}},
  note={\url{https://aws.amazon.com/elasticmapreduce/}}
}

@mist{flask,
  title={Flask},
  note={\url{http://flask.pocoo.org/}}
}

@misc{highcharts,
  title={Highcharts},
  note={\url{http://www.highcharts.com/}}
}

@inproceedings{strachey1959time,
  title={Time sharing in large fast computers},
  author={Strachey, Christopher},
  booktitle={Communications of the ACM},
  volume={2},
  number={7},
  pages={12--13},
  year={1959},
  organization={Assoc Computing Machinery 1515 Broadway, New York, NY 10036}
}

@misc{google,
  title={Google},
  note={\url{http://www.google.com}}
}

@misc{facebook,
  title={Facebook},
  note={\url{http://www.facebook.com}}
}

@misc{wikipedia,
  title={Wikipedia},
  note={\url{http://www.wikipedia.org}}
}

@misc{twitter,
  title={Twitter},
  note={\url{http://www.twitter.com}}
}

@book{statistics,
  title={Introduction to time series analysis and forecasting},
  author={Montgomery, Douglas C and Jennings, Cheryl L and Kulahci, Murat},
  volume={526},
  year={2011},
  publisher={John Wiley \& Sons}
}